@misc{silver2015,
author = {David Silver},
title = {Lectures on Reinforcement Learning},
howpublished = {\textsc{url:}~\url{https://www.davidsilver.uk/teaching/}},
year = {2015}
}
